@misc{gregory2002big,
  title={The big book of concepts},
  author={Gregory, Murphy},
  year={2002}
}

@article{sun2023essentialist,
  title={How essentialist reasoning about language acquisition relates to educational myths and policy endorsements},
  author={Sun, Xin and Nancekivell, Shaylene E and Shah, Priti and Gelman, Susan A},
  journal={Cognitive Research: Principles and Implications},
  volume={8},
  number={1},
  pages={27},
  year={2023},
  publisher={Springer}
}
@article{barr2013random,
  author = {Barr, Dale J. and Levy, Roger and Scheepers, Christoph and Tily, Harry J.},
  date-added = {2020-10-15 23:04:31 -0700},
  date-modified = {2020-10-15 23:05:51 -0700},
  journal = {Journal of Memory and Language},
  number = {3},
  pages = {255--278},
  title = {Random effects structure for confirmatory hypothesis testing: Keep it maximal},
  volume = {68},
  year = {2013}}
@article{lin2020research,
  title={The research trends of multilingualism in applied linguistics and education (2000--2019): A bibliometric analysis},
  author={Lin, Zhong and Lei, Lei},
  journal={Sustainability},
  volume={12},
  number={15},
  pages={6058},
  year={2020},
  publisher={MDPI}
}
@misc{o2014understanding,
  title={Understanding multilingualism and its implications},
  author={O'Brien, Mary G and Curtin, Suzanne and Naqvi, Rahat},
  journal={Frontiers in psychology},
  volume={5},
  pages={1464},
  year={2014},
  publisher={Frontiers Media SA}
}

@book{grosjean2010bilingual,
  title={Bilingual: Life and reality},
  author={Grosjean, Fran{\c{c}}ois},
  year={2010},
  publisher={Harvard university press}
}

@article{moon1993two,
  title={Two-day-olds prefer their native language},
  author={Moon, Christine and Cooper, Robin Panneton and Fifer, William P},
  journal={Infant behavior and development},
  volume={16},
  number={4},
  pages={495--500},
  year={1993},
  publisher={JAI}
}

@article{kinzler2007native,
  title={The native language of social cognition},
  author={Kinzler, Katherine D and Dupoux, Emmanuel and Spelke, Elizabeth S},
  journal={Proceedings of the National Academy of Sciences},
  volume={104},
  number={30},
  pages={12577--12580},
  year={2007},
  publisher={National Acad Sciences}
}

@article{shutts2009social,
  title={Social information guides infants' selection of foods},
  author={Shutts, Kristin and Kinzler, Katherine D and McKee, Caitlin B and Spelke, Elizabeth S},
  journal={Journal of cognition and development},
  volume={10},
  number={1-2},
  pages={1--17},
  year={2009},
  publisher={Taylor \& Francis}
}

@article{buttelmann2013selective,
  title={Selective imitation of in-group over out-group members in 14-month-old infants},
  author={Buttelmann, David and Zmyj, Norbert and Daum, Moritz and Carpenter, Malinda},
  journal={Child development},
  volume={84},
  number={2},
  pages={422--428},
  year={2013},
  publisher={Wiley Online Library}
}

@article{weatherhead2019preschoolers,
  title={Preschoolers are sensitive to accent distance},
  author={Weatherhead, Drew and Friedman, Ori and White, Katherine S},
  journal={Journal of child language},
  volume={46},
  number={6},
  pages={1058--1072},
  year={2019},
  publisher={Cambridge University Press}
}

@article{hirschfeld1997young,
  title={What young children think about the relationship between language variation and social difference},
  author={Hirschfeld, Lawrence A and Gelman, Susan A},
  journal={Cognitive Development},
  volume={12},
  number={2},
  pages={213--238},
  year={1997},
  publisher={Elsevier}
}

@article{kinzler2012children,
  title={Children’s essentialist reasoning about language and race},
  author={Kinzler, Katherine D and Dautel, Jocelyn B},
  journal={Developmental science},
  volume={15},
  number={1},
  pages={131--138},
  year={2012},
  publisher={Wiley Online Library}
}

@article{liberman2017preverbal,
  title={Preverbal infants infer third-party social relationships based on language},
  author={Liberman, Zoe and Woodward, Amanda L and Kinzler, Katherine D},
  journal={Cognitive Science},
  volume={41},
  pages={622--634},
  year={2017},
  publisher={Wiley Online Library}
}

@article{liberman2016early,
  title={Early emerging system for reasoning about the social nature of food},
  author={Liberman, Zoe and Woodward, Amanda L and Sullivan, Kathleen R and Kinzler, Katherine D},
  journal={Proceedings of the National Academy of Sciences},
  volume={113},
  number={34},
  pages={9480--9485},
  year={2016},
  publisher={National Acad Sciences}
}

@article{shutts2009social,
  title={Social information guides infants' selection of foods},
  author={Shutts, Kristin and Kinzler, Katherine D and McKee, Caitlin B and Spelke, Elizabeth S},
  journal={Journal of cognition and development},
  volume={10},
  number={1-2},
  pages={1--17},
  year={2009},
  publisher={Taylor \& Francis}
}

@article{kinzler2013northern,
  title={Northern= smart and Southern= nice: The development of accent attitudes in the United States},
  author={Kinzler, Katherine D and DeJesus, Jasmine M},
  journal={Quarterly Journal of Experimental Psychology},
  volume={66},
  number={6},
  pages={1146--1158},
  year={2013},
  publisher={SAGE Publications Sage UK: London, England}
}

@article{byers2015bilingualism,
  title={Bilingualism changes children's beliefs about what is innate},
  author={Byers-Heinlein, Krista and Garcia, Bianca},
  journal={Developmental Science},
  volume={18},
  number={2},
  pages={344--350},
  year={2015},
  publisher={Wiley Online Library}
}

@article{santhanagopalan2021nationality,
  title={Nationality cognition in India: Social category information impacts children’s judgments of people and their national identity},
  author={Santhanagopalan, Radhika and DeJesus, Jasmine M and Moorthy, Ramya S and Kinzler, Katherine D},
  journal={Cognitive Development},
  volume={57},
  pages={100990},
  year={2021},
  publisher={Elsevier}
}

@article{mccullough2019regional,
  title={Regional dialect perception across the lifespan: Identification and discrimination},
  author={McCullough, Elizabeth A and Clopper, Cynthia G and Wagner, Laura},
  journal={Language and speech},
  volume={62},
  number={1},
  pages={115--136},
  year={2019},
  publisher={Sage Publications Sage UK: London, England}
}
@article{wagner2014children,
  title={Children's perception of dialect variation},
  author={Wagner, Laura and Clopper, Cynthia G and Pate, John K},
  journal={Journal of child language},
  volume={41},
  number={5},
  pages={1062--1084},
  year={2014},
  publisher={Cambridge University Press}
}
@article{byers2015bilingualism,
  title={Bilingualism changes children's beliefs about what is innate},
  author={Byers-Heinlein, Krista and Garcia, Bianca},
  journal={Developmental Science},
  volume={18},
  number={2},
  pages={344--350},
  year={2015},
  publisher={Wiley Online Library}
}

@article{dautel2018once,
  title={Once a French speaker, always a French speaker? Bilingual children's thinking about the stability of language},
  author={Dautel, Jocelyn B and Kinzler, Katherine D},
  journal={Cognitive Science},
  volume={42},
  pages={287--302},
  year={2018},
  publisher={Wiley Online Library}
}

@article{santhanagopalan2021nationality,
  title={Nationality cognition in India: Social category information impacts children’s judgments of people and their national identity},
  author={Santhanagopalan, Radhika and DeJesus, Jasmine M and Moorthy, Ramya S and Kinzler, Katherine D},
  journal={Cognitive Development},
  volume={57},
  pages={100990},
  year={2021},
  publisher={Elsevier}
}

@article{kinzler2012children,
  title={Children’s essentialist reasoning about language and race},
  author={Kinzler, Katherine D and Dautel, Jocelyn B},
  journal={Developmental science},
  volume={15},
  number={1},
  pages={131--138},
  year={2012},
  publisher={Wiley Online Library}
}

@article{weatherhead2019preschoolers,
  title={Preschoolers are sensitive to accent distance},
  author={Weatherhead, Drew and Friedman, Ori and White, Katherine S},
  journal={Journal of child language},
  volume={46},
  number={6},
  pages={1058--1072},
  year={2019},
  publisher={Cambridge University Press}
}

@article{donofrio2020personae,
  title={Personae in sociolinguistic variation},
  author={D'Onofrio, Annette},
  journal={Wiley Interdisciplinary Reviews: Cognitive Science},
  volume={11},
  number={6},
  pages={e1543},
  year={2020},
  publisher={Wiley Online Library}
}

@book{d2016social,
  title={Social meaning in linguistic perception},
  author={D'Onofrio, Annette},
  year={2016},
  publisher={Stanford University}
}

@article{pratt2017jaw,
  title={Jaw setting and the California Vowel Shift in parodic performance},
  author={Pratt, Teresa and D'Onofrio, Annette},
  journal={Language in Society},
  volume={46},
  number={3},
  pages={283--312},
  year={2017},
  publisher={Cambridge University Press}
}

@article{d2015persona,
  title={Persona-based information shapes linguistic perception: Valley Girls and California vowels},
  author={D'Onofrio, Annette},
  journal={Journal of Sociolinguistics},
  volume={19},
  number={2},
  pages={241--256},
  year={2015},
  publisher={Wiley Online Library}
}

@article{gelman2007developmental,
  title={Developmental changes in the coherence of essentialist beliefs about psychological characteristics},
  author={Gelman, Susan A and Heyman, Gail D and Legare, Cristine H},
  journal={Child development},
  volume={78},
  number={3},
  pages={757--774},
  year={2007},
  publisher={Wiley Online Library}
}

@article{gelman1999biological,
  title={How biological is essentialism},
  author={Gelman, Susan A and Hirschfeld, Lawrence A},
  journal={Folkbiology},
  volume={9},
  pages={403--446},
  year={1999}
}
@Manual{mclogit,
  title = {mclogit: Multinomial Logit Models, with or without Random Effects or Overdispersion},
  author = {Martin Elff},
  year = {2024},
  note = {R package version 0.9.8, https://github.com/melff/mclogit/},
  url = {http://melff.github.io/mclogit/},
}
@Manual{R,
     title = {R: A Language and Environment for Statistical Computing},
     author = {{R Core Team}},
     organization = {R Foundation for Statistical Computing},
     address = {Vienna, Austria},
     year = {2021},
     url = {https://www.R-project.org/},
   }
@misc{india2011census,
    author = {{Census of India}},
    title = {C-16: Population by mother tongue, India - 2011},
    howpublished  = {Office of the Registrar General \& Census Commissioner, New Delhi},
    month={12},
    year = {2011}
}
@Manual{ordinalR,
    title = {ordinal---Regression Models for Ordinal Data},
    author = {Rune H. B. Christensen},
    year = {2023},
    note = {R package version 2023.12-4},
    url = {https://CRAN.R-project.org/package=ordinal},
  }